<record><leader>00000cas a22000007a 4500</leader><controlfield tag="001">19044600</controlfield><controlfield tag="008">890120d19031909mouwr ne      0    0eng d</controlfield><datafield ind1=" " ind2=" " tag="010"><subfield code="a">sn 89066202 </subfield></datafield><datafield ind1=" " ind2=" " tag="040"><subfield code="a">MQN</subfield><subfield code="b">eng</subfield><subfield code="c">MQN</subfield><subfield code="d">OCLCQ</subfield></datafield><datafield ind1=" " ind2=" " tag="042"><subfield code="a">msc</subfield></datafield><datafield ind1="0" ind2=" " tag="130"><subfield code="a">Times (Belle, Mo. : 1903)</subfield></datafield><datafield ind1="1" ind2="4" tag="245"><subfield code="a">The times.</subfield></datafield><datafield ind1=" " ind2=" " tag="260"><subfield code="a">Belle, Mo. :</subfield><subfield code="b">Camp &amp; Camp,</subfield><subfield code="c">-1909.</subfield></datafield><datafield ind1=" " ind2=" " tag="300"><subfield code="a">v.</subfield></datafield><datafield ind1=" " ind2=" " tag="310"><subfield code="a">Weekly</subfield></datafield><datafield ind1="1" ind2=" " tag="362"><subfield code="a">Began in 1903.</subfield></datafield><datafield ind1="0" ind2=" " tag="362"><subfield code="a">-v. 14, no. 24 (July 29, 1909).</subfield></datafield><datafield ind1=" " ind2=" " tag="515"><subfield code="a">Resumes vol. numbering of: Maries County times.</subfield></datafield><datafield ind1=" " ind2=" " tag="588"><subfield code="a">Description based on: Vol. 6, no. 25 (Dec. 24, 1903).</subfield></datafield><datafield ind1=" " ind2=" " tag="752"><subfield code="a">United States</subfield><subfield code="b">Missouri</subfield><subfield code="c">Maries</subfield><subfield code="d">Belle.</subfield></datafield><datafield ind1="0" ind2="0" tag="780"><subfield code="t">Star-times (Belle, Mo.)</subfield><subfield code="w">(DLC)sn 89066201</subfield></datafield><datafield ind1="0" ind2="0" tag="785"><subfield code="t">Belle times</subfield><subfield code="w">(DLC)sn 89066203</subfield></datafield></record>